@article{shewchuk97a,
author = {Jonathan Richard Shewchuk},
title = {Adaptive {P}recision {F}loating-{P}oint {A}rithmetic and {F}ast
  {R}obust {G}eometric {P}redicates},
journal = {Discrete \& Computational Geometry},
volume = 18,
number = 3,
pages = {305--363},
month = oct,
year = 1997
}